
@INPROCEEDINGS{RIOT,
  AUTHOR =     {O. Hahm and E. Baccelli and M. G\"unes and M. W\"ahlisch
                and T. C. Schmidt},
  TITLE =     {{RIOT OS: Towards an OS for the Internet of Things}},
  BOOKTITLE =  {32nd IEEE International Conference on Computer Communications
                (INFOCOM'2013 -- Poster Session)},
  YEAR =       {2013},
  MONTH =      {April},
  NOTE =       {\texttt{http://www.riot-os.org/}}
}

@MISC{ContikiOS,
  AUTHOR =     {A. Dunkels and B. Gr\"onvall and T. Voigt},
  TITLE =     {{Contiki -- a Lightweight and Flexible Operating System
                for Tiny Networked Sensors}},
  YEAR =       {2004},
  NOTE =       {\texttt{http://www.contiki-os.org/}}
}

@INPROCEEDINGS{Cooja,
  AUTHOR =     {F. \"Osterlind and A. Dunkels and J. Eriksson and N. Finne
                and T. Voigt},
  TITLE =     {{Cross-level Sensor Network Simulation with Cooja}},
  BOOKTITLE =  {Proceedings of the First IEEE International Workshop
                on Practical Issues in Building Sensor Network Applications
                (SenseApp 2006)},
  YEAR =       {2006}
}

@MISC{ContikiMAC,
  AUTHOR =     {A. Dunkels},
  TITLE =     {{The ContikiMAC Radio Duty Cycling Protocol}},
  YEAR =       {2011}
}

@INPROCEEDINGS{Protothreads,
  AUTHOR =     {A. Dunkels and O. Schmidt and T. Voigt},
  TITLE =     {{Using Protothreads for Sensor Node Programming}},
  BOOKTITLE =  {Proceedings of the REALWSN 2005 (Workshop
                on RealWorld Wireless Sensor Networks)},
  YEAR =       {2005}
}

@INPROCEEDINGS{TinyOS,
  AUTHOR =     {P. Levis and S. Madden and J. Polastre and R. Szewczyk
                and A. Woo and D. Gay and J. Hill and M. Welsh
                and E. Brewer and D. Culler},
  TITLE =     {{TinyOS: An operating system for sensor networks}},
  BOOKTITLE =  {Ambient Intelligence},
  YEAR =       {2004},
  PUBLISHER =  {Springer Verlag},
  NOTE =       {\texttt{http://www.tinyos.net/}}
}

@MISC{Cosens,
  AUTHOR =     {B. Nefzi and Y.-Q. Song},
  TITLE =     {{CoSenS: a Collecting and Sending Burst Scheme for
                Performance Improvement of IEEE 802.15.4}},
  YEAR =       {2010}
}
